<record><leader>00000cas a2200000 a 4500</leader><controlfield tag="001">7807280</controlfield><controlfield tag="008">811001d18051814nyuwr ne      0    0eng c</controlfield><datafield ind1=" " ind2=" " tag="010"><subfield code="a">sn 87056993 </subfield></datafield><datafield ind1=" " ind2=" " tag="040"><subfield code="a">NYG</subfield><subfield code="b">eng</subfield><subfield code="c">NYG</subfield><subfield code="d">NPI</subfield><subfield code="d">NJW</subfield><subfield code="d">DLC</subfield><subfield code="d">YOX</subfield><subfield code="d">DLC</subfield><subfield code="d">YOX</subfield><subfield code="d">KNP</subfield><subfield code="d">YOX</subfield><subfield code="d">OBN</subfield><subfield code="d">OCL</subfield><subfield code="d">CVF</subfield><subfield code="d">OCL</subfield><subfield code="d">NYS</subfield><subfield code="d">DLC</subfield><subfield code="d">GUA</subfield><subfield code="d">KRTAS</subfield><subfield code="d">OCLCQ</subfield><subfield code="d">OCLCF</subfield><subfield code="d">OCLCO</subfield></datafield><datafield ind1=" " ind2=" " tag="042"><subfield code="a">pcc</subfield></datafield><datafield ind1=" " ind2=" " tag="043"><subfield code="a">n-us-ny</subfield></datafield><datafield ind1="0" ind2="0" tag="050"><subfield code="a">Newspaper</subfield></datafield><datafield ind1=" " ind2=" " tag="092"><subfield code="a">051</subfield><subfield code="b">qL1538</subfield></datafield><datafield ind1="0" ind2=" " tag="130"><subfield code="a">New-York weekly museum (New York, N.Y. : 1805)</subfield></datafield><datafield ind1="1" ind2="0" tag="245"><subfield code="a">New-York weekly museum.</subfield></datafield><datafield ind1=" " ind2=" " tag="260"><subfield code="a">New-York [N.Y. :</subfield><subfield code="b">s.n.],</subfield><subfield code="c">1805-1814.</subfield></datafield><datafield ind1=" " ind2=" " tag="300"><subfield code="a">v. ;</subfield><subfield code="c">23-31 cm.</subfield></datafield><datafield ind1=" " ind2=" " tag="310"><subfield code="a">Weekly</subfield></datafield><datafield ind1="0" ind2=" " tag="362"><subfield code="a">Vol. 17, no. 33 (Aug. 17, 1805)-new ser., v. 2, no. 52 (Apr. 30, 1814) = Whole no. 867-</subfield></datafield><datafield ind1="0" ind2=" " tag="490"><subfield code="a">Filmed with: American periodical series, 1800-1850 ;</subfield><subfield code="v">563-564</subfield></datafield><datafield ind1=" " ind2=" " tag="515"><subfield code="a">Vols. for &lt;Aug. 17, 1805-Apr. 11, 1812&gt; called also whole no. &lt;867-1210&gt;.</subfield></datafield><datafield ind1=" " ind2=" " tag="530"><subfield code="a">Available on microfilm from University Microfilms (American periodical series: 1800-1850); also available online.</subfield></datafield><datafield ind1=" " ind2="0" tag="651"><subfield code="a">New York (N.Y.)</subfield><subfield code="v">Newspapers.</subfield></datafield><datafield ind1=" " ind2="0" tag="651"><subfield code="a">New York County (N.Y.)</subfield><subfield code="v">Newspapers.</subfield></datafield><datafield ind1=" " ind2="7" tag="655"><subfield code="a">Newspapers.</subfield><subfield code="2">fast</subfield><subfield code="0">(OCoLC)fst01423814</subfield></datafield><datafield ind1=" " ind2="7" tag="651"><subfield code="a">New York (State)</subfield><subfield code="z">New York.</subfield><subfield code="2">fast</subfield><subfield code="0">(OCoLC)fst01204333</subfield></datafield><datafield ind1=" " ind2="7" tag="651"><subfield code="a">New York (State)</subfield><subfield code="z">New York County.</subfield><subfield code="2">fast</subfield><subfield code="0">(OCoLC)fst01234953</subfield></datafield><datafield ind1=" " ind2=" " tag="752"><subfield code="a">United States</subfield><subfield code="b">New York</subfield><subfield code="c">New York</subfield><subfield code="d">New York.</subfield></datafield><datafield ind1="1" ind2=" " tag="776"><subfield code="t">New-York weekly museum (1805)</subfield><subfield code="c">(Microfilm)</subfield><subfield code="w">(DLC)sf 89091689</subfield><subfield code="w">(OCoLC)10135213</subfield></datafield><datafield ind1="1" ind2=" " tag="776"><subfield code="t">New-York weekly museum (New York, N.Y. : 1805 : Online)</subfield><subfield code="w">(DLC)  2007233796</subfield><subfield code="w">(OCoLC)70141549</subfield></datafield><datafield ind1="0" ind2="0" tag="780"><subfield code="t">Weekly museum (New York, N.Y.)</subfield><subfield code="w">(DLC)sn 87056992</subfield><subfield code="w">(OCoLC)7830368</subfield></datafield><datafield ind1="0" ind2="0" tag="785"><subfield code="t">New-York weekly museum, or, Polite repository of amusement and instruction</subfield><subfield code="w">(DLC)sn 87056994</subfield><subfield code="w">(OCoLC)9746626</subfield></datafield><datafield ind1=" " ind2="0" tag="830"><subfield code="a">American periodical series, 1800-1850 ;</subfield><subfield code="v">563-564.</subfield></datafield><datafield ind1="4" ind2="1" tag="856"><subfield code="u">http://proquest.umi.com/pqdweb</subfield></datafield><datafield ind1=" " ind2=" " tag="938"><subfield code="a">Kirtas Technologies, Inc.</subfield><subfield code="b">KRTS</subfield><subfield code="n">735898</subfield></datafield></record>